@article{Levin_2000_10860960, 
author = {Levin, B R. and Bergstrom, C T.}, 
title = {Bacteria are different: observations, interpretations, speculations, and opinions about the mechanisms of adaptive evolution in prokaryotes.}, 
journal = {Proc. Natl. Acad. Sci. USA}, 
year = {2000}, 
volume = {97}, 
number = {13}, 
pages = {6981-6985}
}

@article{Priest_2004_15547268, 
author = {Priest, F G. and Barker, M. and Baillie, L W J. and Holmes, E C. and Maiden, M C J.}, 
title = {Population structure and evolution of the \emph{Bacillus cereus} group.}, 
journal = {J. Bacteriol.}, 
year = {2004}, 
volume = {186}, 
number = {23}, 
pages = {7959-7970}
}

@article{Kruglyak_1999_10369254, 
author = {Kruglyak, L.}, 
title = {Prospects for whole-genome linkage disequilibrium mapping of common disease genes.}, 
journal = {Nat. Genet.}, 
year = {1999}, 
volume = {22}, 
number = {2}, 
pages = {139-144}
}

@article{Slatkin_2008_18427557, 
author = {Slatkin, M.}, 
title = {Linkage disequilibrium--understanding the evolutionary past and mapping the medical future.}, 
journal = {Nat. Rev. Genet.}, 
year = {2008}, 
volume = {9}, 
number = {6}, 
pages = {477-85}
}

@article{Stumpf_2003_14631356, 
author = {Stumpf, M P H. and McVean, G A T.}, 
title = {Estimating recombination rates from population-genetic data.}, 
journal = {Nat. Rev. Genet.}, 
year = {2003}, 
volume = {4}, 
number = {12}, 
pages = {959-968}
}

@article{Morran_2009_19847164, 
author = {Morran, L T. and Parmenter, M D. and Phillips, P C.}, 
title = {Mutation load and rapid adaptation favour outcrossing over self-fertilization.}, 
journal = {Nature}, 
year = {2009}, 
volume = {462}, 
number = {7271}, 
pages = {350-352}
}

@article{Waldron_2006_16855248, 
author = {Waldron, D E. and Lindsay, J A.}, 
title = {Sau1: a novel lineage-specific type {I} restriction-modification system that blocks horizontal gene transfer into \emph{Staphylococcus aureus} and between \emph{S. aureus} isolates of different lineages.}, 
journal = {J. Bacteriol}, 
year = {2006}, 
volume = {188}, 
number = {15}, 
pages = {5578-5585}
}

@article{Dubnau_1999_10547691, 
author = {Dubnau, D.}, 
title = {{DNA} uptake in bacteria.}, 
journal = {Annu. Rev. Microbiol.}, 
year = {1999}, 
volume = {53}, 
number = {(null)}, 
pages = {217-244}
}

@article{Michod_1988_8608929, 
author = {Michod, R E. and Wojciechowski, M F. and Hoelzer, M A.}, 
title = {{DNA} repair and the evolution of transformation in the bacterium \emph{Bacillus subtilis}.}, 
journal = {Genetics}, 
year = {1988}, 
volume = {118}, 
number = {1}, 
pages = {31-39}
}

@article{Falush_2009_19855823, 
author = {Falush, D.}, 
title = {Toward the use of genomics to study microevolutionary change in bacteria.}, 
journal = {PLoS Genet.}, 
year = {2009}, 
volume = {5}, 
number = {10}, 
pages = {e1000627}
}

@article{Vos_2009_19464181, 
author = {Vos, M.}, 
title = {Why do bacteria engage in homologous recombination?}, 
journal = {Trends Microbiol.}, 
year = {2009}, 
volume = {17}, 
number = {6}, 
pages = {226-232}
}

@article{Cooper_2006_16622047, 
author = {Cooper, J E. and Feil, E J.}, 
title = {The phylogeny of \emph{Staphylococcus aureus} -- which genes make the best intra-species markers?}, 
journal = {Microbiology}, 
year = {2006}, 
volume = {152}, 
number = {}, 
pages = {1297-1305}
}

@article{Vos_2009_18830278, 
author = {Vos, M. and Didelot, X.}, 
title = {A comparison of homologous recombination rates in bacteria and archaea.}, 
journal = {ISME J.}, 
year = {2009}, 
volume = {3}, 
number = {2}, 
pages = {199-208}
}

@article{Feil_2004_14973027, 
author = {Feil, E J. and Li, B C. and Aanensen, D M. and Hanage, W P. and Spratt, B G.}, 
title = {{eBURST}: inferring patterns of evolutionary descent among clusters of related bacterial genotypes from multilocus sequence typing data.}, 
journal = {J. Bacteriol.}, 
year = {2004}, 
volume = {186}, 
number = {5}, 
pages = {1518-1530}
}

@article{Hudson_1985_4029609, 
author = {Hudson, R R. and Kaplan, N L.}, 
title = {Statistical properties of the number of recombination events in the history of a sample of {DNA} sequences.}, 
journal = {Genetics}, 
year = {1985}, 
volume = {111}, 
number = {1}, 
pages = {147-164}
}

@article{Laurent_2001_11222560, 
author = {Laurent, F. and Leli\`{e}vre, H. and Cornu, M. and Vandenesch, F. and Carret, G. and Etienne, J. and Flandrois, J P.}, 
title = {Fitness and competitive growth advantage of new gentamicin-susceptible {MRSA} clones spreading in {French} hospitals.}, 
journal = {J. Antimicrob. Chemother.}, 
year = {2001}, 
volume = {47}, 
number = {3}, 
pages = {277-283}
}

@article{Hill_1968_65, 
author = {Hill, W G. and Robertson, A.}, 
title = {Linkage disequilibrium in finit populations.}, 
journal = {Theor. Appl. Genet.}, 
year = {1968}, 
volume = {38}, 
number = {}, 
pages = {226-231}
}

@article{Lewontin_1964_17248194, 
author = {Lewontin, R C.}, 
title = {The Interaction of Selection and Linkage. {I}. {G}eneral Considerations; Heterotic Models.}, 
journal = {Genetics}, 
year = {1964}, 
volume = {49}, 
number = {1}, 
pages = {49-67}
}

@article{Feil_2001_11544367, 
author = {Feil, E J. and Spratt, B G.}, 
title = {Recombination and the population structures of bacterial pathogens.}, 
journal = {Annu. Rev. Microbiol.}, 
year = {2001}, 
volume = {55}, 
number = {(null)}, 
pages = {561-590}
}

@article{Lorenz_1994_7968924, 
author = {Lorenz, M G. and Wackernagel, W.}, 
title = {Bacterial gene transfer by natural genetic transformation in the environment.}, 
journal = {Microbiol. Rev.}, 
year = {1994}, 
volume = {58}, 
number = {3}, 
pages = {563-602}
}

@article{McVean_2002_12399406, 
author = {McVean, G A T.}, 
title = {A genealogical interpretation of linkage disequilibrium.}, 
journal = {Genetics}, 
year = {2002}, 
volume = {162}, 
number = {2}, 
pages = {987-991}
}

@article{Ohta_1982_17246079, 
author = {Ohta, T.}, 
title = {Linkage Disequilibrium with the Island Model.}, 
journal = {Genetics}, 
year = {1982}, 
volume = {101}, 
number = {1}, 
pages = {139-155}
}

@article{Slatkin_1994_8056320, 
author = {Slatkin, M.}, 
title = {Linkage disequilibrium in growing and stable populations.}, 
journal = {Genetics}, 
year = {1994}, 
volume = {137}, 
number = {1}, 
pages = {331-336}
}

@article{Wakeley_2001_11704929, 
author = {Wakeley, J. and Nielsen, R. and Liu-Cordero, S N. and Ardlie, K.}, 
title = {The discovery of single-nucleotide polymorphisms--and inferences about human demographic history.}, 
journal = {Am. J. Hum. Genet.}, 
year = {2001}, 
volume = {69}, 
number = {6}, 
pages = {1332-1347}
}

@article{Ometto_2005_15987874, 
author = {Ometto, L. and Glinka, S. and De Lorenzo, D. and Stephan, W.}, 
title = {Inferring the effects of demography and selection on \emph{Drosophila melanogaster} populations from a chromosome-wide scan of {DNA} variation.}, 
journal = {Mol. Biol. Evol.}, 
year = {2005}, 
volume = {22}, 
number = {10}, 
pages = {2119-2130}
}

@article{Goddard_2005_15800622, 
author = {Goddard, M R. and Godfray, H C. and Burt, A.}, 
title = {Sex increases the efficacy of natural selection in experimental yeast populations.}, 
journal = {Nature}, 
year = {2005}, 
volume = {434}, 
number = {7033}, 
pages = {636-640}
}

@article{Touchon_2009_19165319, 
author = {Touchon, M. and Hoede, C. and Tenaillon, O. and Barbe, V. and Baeriswyl, S. and Bidet, P. and Bingen, E. and Bonacorsi, S. and Bouchier, C. and Bouvet, O. and Calteau, A. and Chiapello, H. and Clermont, O. and Cruveiller, S. and Danchin, A. and Diard, M. and Dossat, C. and Karoui, M E. and Frapy, E. and Garry, L. and Ghigo, J M. and Gilles, A M. and Johnson, J. and Le Bougu\'{e}nec, C. and Lescat, M. and Mangenot, S. and Martinez-J\'{e}hanne, V. and Matic, I. and Nassif, X. and Oztas, S. and Petit, M A. and Pichon, C. and Rouy, Z. and Ruf, C S. and Schneider, D. and Tourret, J. and Vacherie, B. and Vallenet, D. and M\'{e}digue, C. and Rocha, E P. and Denamur, E.}, 
title = {Organised genome dynamics in the \emph{Escherichia coli} species results in highly diverse adaptive paths.}, 
journal = {PLoS Genet.}, 
year = {2009}, 
volume = {5}, 
number = {1}, 
pages = {e1000344}
}

@article{Bacher_2006_17028281, 
author = {Bacher, J M. and Metzgar, D. and de Cr\'{e}cy-Lagard, V.}, 
title = {Rapid evolution of diminished transformability in \emph{Acinetobacter baylyi}.}, 
journal = {J. Bacteriol.}, 
year = {2006}, 
volume = {188}, 
number = {24}, 
pages = {8534-8542}
}

@article{Baltrus_2008_17976191, 
author = {Baltrus, D A. and Guillemin, K. and Phillips, P C.}, 
title = {Natural transformation increases the rate of adaptation in the human pathogen \emph{Helicobacter pylori}.}, 
journal = {Evolution}, 
year = {2008}, 
volume = {62}, 
number = {1}, 
pages = {39-49}
}

@article{Souza_1997_64, 
author = {Souza, V. and Turner, P E. and Lenski, R E
}, 
title = {Long-term experimental evolution in \emph{Escherichia coli}. {V}. {E}ffects of recombination with immigrant genotypes on the rate of bacterial evolution.}, 
journal = {J. Evol. Biol.}, 
year = {1997}, 
volume = {10}, 
number = {}, 
pages = {743-769}
}

@article{Langley_2000_11102378, 
author = {Langley, C H. and Lazzaro, B P. and Phillips, W. and Heikkinen, E. and Braverman, J M.}, 
title = {Linkage disequilibria and the site frequency spectra in the \emph{su(s)} and \emph{su(w(a))} regions of the \emph{Drosophila melanogaster} {X} chromosome.}, 
journal = {Genetics}, 
year = {2000}, 
volume = {156}, 
number = {4}, 
pages = {1837-1852}
}

@article{Hamblin_2002_11753822, 
author = {Hamblin, M T. and Thompson, E E. and Di Rienzo, A.}, 
title = {Complex signatures of natural selection at the {Duffy} blood group locus.}, 
journal = {Am. J. Hum. Genet.}, 
year = {2002}, 
volume = {70}, 
number = {2}, 
pages = {369-383}
}

@article{Thornton_2006_16299396, 
author = {Thornton, K. and Andolfatto, P.}, 
title = {Approximate {B}ayesian inference reveals evidence for a recent, severe bottleneck in a Netherlands population of \emph{Drosophila melanogaster}.}, 
journal = {Genetics}, 
year = {2006}, 
volume = {172}, 
number = {3}, 
pages = {1607-1619}
}

@article{Kibota_1996_8649513, 
author = {Kibota, T T. and Lynch, M.}, 
title = {Estimate of the genomic mutation rate deleterious to overall fitness in \emph{E. coli}.}, 
journal = {Nature}, 
year = {1996}, 
volume = {381}, 
number = {6584}, 
pages = {694-696}
}

@article{Feil_2001_11136255, 
author = {Feil, E J. and Holmes, E C. and Bessen, D E. and Chan, M S. and Day, N P J. and Enright, M C. and Goldstein, R. and Hood, D W. and Kalia, A. and Moore, C E. and Zhou, J. and Spratt, B G.}, 
title = {Recombination within natural populations of pathogenic bacteria: short-term empirical estimates and long-term phylogenetic consequences.}, 
journal = {Proc. Natl. Acad. Sci. USA}, 
year = {2001}, 
volume = {98}, 
number = {1}, 
pages = {182-187}
}

@article{Lederberg_1946_63, 
author = {Lederberg, J. and Tatum, E L }, 
title = {Gene recombination in \emph{Escherichia coli}.}, 
journal = {Nature}, 
year = {1946}, 
volume = {158}, 
number = {}, 
pages = {558-558}
}

@article{Muller_1932_62, 
author = {Muller, H J.}, 
title = {Some Genetic Aspects of Sex.}, 
journal = {Am. Nat.}, 
year = {1932}, 
volume = {66}, 
number = {}, 
pages = {118-138}
}

@article{Novozhilov_2005_15901840, 
author = {Novozhilov, A S. and Karev, G P. and Koonin, E V.}, 
title = {Mathematical modeling of evolution of horizontally transferred genes.}, 
journal = {Mol. Biol. Evol.}, 
year = {2005}, 
volume = {22}, 
number = {8}, 
pages = {1721-1732}
}

@article{Hudson_1983_61, 
author = {Hudson, R R.}, 
title = {Testing the Constant-Rate Neutral Allele Model with Protein Sequence Data}, 
journal = {Evolution}, 
year = {1983}, 
volume = {37}, 
number = {}, 
pages = {203-217}
}

@article{Takahata_1993_8450756, 
author = {Takahata, N.}, 
title = {Allelic genealogy and human evolution.}, 
journal = {Mol. Biol. Evol.}, 
year = {1993}, 
volume = {10}, 
number = {1}, 
pages = {2-22}
}

@article{Bouffard_1997_9253597, 
author = {Bouffard, G G. and Idol, J R. and Braden, V V. and Iyer, L M. and Cunningham, A F. and Weintraub, L A. and Touchman, J W. and Mohr-Tidwell, R M. and Peluso, D C. and Fulton, R S. and Ueltzen, M S. and Weissenbach, J. and Magness, C L. and Green, E D.}, 
title = {A physical map of human chromosome 7: an integrated {YAC} contig map with average {STS} spacing of 79 kb.}, 
journal = {Genome Res.}, 
year = {1997}, 
volume = {7}, 
number = {7}, 
pages = {673-692}
}

@article{Haddrill_2005_15930491, 
author = {Haddrill, P R. and Thornton, K R. and Charlesworth, B. and Andolfatto, P.}, 
title = {Multilocus patterns of nucleotide variability and the demographic and selection history of \emph{Drosophila melanogaster} populations.}, 
journal = {Genome Res.}, 
year = {2005}, 
volume = {15}, 
number = {6}, 
pages = {790-799}
}

@article{Narra_2006_16950097, 
author = {Narra, H P. and Ochman, H.}, 
title = {Of what use is sex to bacteria?}, 
journal = {Curr. Biol.}, 
year = {2006}, 
volume = {16}, 
number = {17}, 
pages = {R705-710}
}

@article{Chen_2001_11170892, 
author = {Chen, F C. and Li, W H.}, 
title = {Genomic divergences between humans and other hominoids and the effective population size of the common ancestor of humans and chimpanzees.}, 
journal = {Am. J. Hum. Genet.}, 
year = {2001}, 
volume = {68}, 
number = {2}, 
pages = {444-456}
}

@article{Wu_1991_2004713, 
author = {Wu, C I.}, 
title = {Inferences of species phylogeny in relation to segregation of ancient polymorphisms.}, 
journal = {Genetics}, 
year = {1991}, 
volume = {127}, 
number = {2}, 
pages = {429-435}
}

@article{Lloyd_1995_7768428, 
author = {Lloyd, R G. and Buckman, C.}, 
title = {Conjugational recombination in \emph{Escherichia coli}: {G}enetic analysis of recombinant formation in {Hfr} $\times$ {F}$^{-}$ crosses.}, 
journal = {Genetics}, 
year = {1995}, 
volume = {139}, 
number = {3}, 
pages = {1123-1148}
}

@article{Milkman_1999_10511538, 
author = {Milkman, R. and Raleigh, E A. and McKane, M. and Cryderman, D. and Bilodeau, P. and McWeeny, K.}, 
title = {Molecular evolution of the \emph{Escherichia coli} chromosome. {V}. {R}ecombination patterns among strains of diverse origin.}, 
journal = {Genetics}, 
year = {1999}, 
volume = {153}, 
number = {2}, 
pages = {539-554}
}

@article{Brochet_2008_18832470, 
author = {Brochet, M. and Rusniok, C. and Couv\'{e}, E. and Dramsi, S. and Poyart, C. and Trieu-Cuot, P. and Kunst, F. and Glaser, P.}, 
title = {Shaping a bacterial genome by large chromosomal replacements, the evolutionary history of \emph{Streptococcus agalactiae}.}, 
journal = {Proc. Natl. Acad. Sci. USA}, 
year = {2008}, 
volume = {105}, 
number = {41}, 
pages = {15961-15966}
}

@article{Robinson_2004_14762000, 
author = {Robinson, D A. and Enright, M C.}, 
title = {Evolution of \emph{Staphylococcus aureus} by large chromosomal replacements.}, 
journal = {J. Bacteriol.}, 
year = {2004}, 
volume = {186}, 
number = {4}, 
pages = {1060-1064}
}

@article{Didelot_2007_17151252, 
author = {Didelot, X. and Falush, D.}, 
title = {Inference of bacterial microevolution using multilocus sequence data.}, 
journal = {Genetics}, 
year = {2007}, 
volume = {175}, 
number = {3}, 
pages = {1251-1266}
}

@article{Liti_2009_19212322, 
author = {Liti, G. and Carter, D M. and Moses, A M. and Warringer, J. and Parts, L. and James, S A. and Davey, R P. and Roberts, I N. and Burt, A. and Koufopanou, V. and Tsai, I J. and Bergman, C M. and Bensasson, D. and O\'Kelly, M J. and van Oudenaarden, A. and Barton, D B. and Bailes, E. and Nguyen, A N. and Jones, M. and Quail, M A. and Goodhead, I. and Sims, S. and Smith, F. and Blomberg, A. and Durbin, R. and Louis, E J.}, 
title = {Population genomics of domestic and wild yeasts.}, 
journal = {Nature}, 
year = {2009}, 
volume = {458}, 
number = {7236}, 
pages = {337-341}
}

@article{Loewe_2003_14645846, 
author = {Loewe, L. and Textor, V. and Scherer, S.}, 
title = {High deleterious genomic mutation rate in stationary phase of \emph{Escherichia coli}.}, 
journal = {Science}, 
year = {2003}, 
volume = {302}, 
number = {5650}, 
pages = {1558-1560}
}

@article{Wirth_2006_16689791, 
author = {Wirth, T. and Falush, D. and Lan, R. and Colles, F. and Mensa, P. and Wieler, L H. and Karch, H. and Reeves, P R. and Maiden, M C J. and Ochman, H. and Achtman, M.}, 
title = {Sex and virulence in \emph{Escherichia coli}: an evolutionary perspective.}, 
journal = {Mol. Microbiol.}, 
year = {2006}, 
volume = {60}, 
number = {5}, 
pages = {1136-1151}
}

@article{Charlesworth_2006_16621913, 
author = {Charlesworth, J. and Eyre-Walker, A.}, 
title = {The rate of adaptive evolution in enteric bacteria.}, 
journal = {Mol. Biol. Evol.}, 
year = {2006}, 
volume = {23}, 
number = {7}, 
pages = {1348-1356}
}

@article{Drake_1991_1831267, 
author = {Drake, J W.}, 
title = {A constant rate of spontaneous mutation in {DNA}-based microbes.}, 
journal = {Proc. Natl. Acad. Sci. USA}, 
year = {1991}, 
volume = {88}, 
number = {16}, 
pages = {7160-7164}
}

@article{Hughes_2008_18667439, 
author = {Hughes, A L. and Friedman, R. and Rivailler, P. and French, J O.}, 
title = {Synonymous and nonsynonymous polymorphisms versus divergences in bacterial genomes.}, 
journal = {Mol. Biol. Evol.}, 
year = {2008}, 
volume = {25}, 
number = {10}, 
pages = {2199-2209}
}

@article{Colegrave_2002_12478292, 
author = {Colegrave, N.}, 
title = {Sex releases the speed limit on evolution.}, 
journal = {Nature}, 
year = {2002}, 
volume = {420}, 
number = {6916}, 
pages = {664-666}
}

@article{Hegreness_2006_16543462, 
author = {Hegreness, M. and Shoresh, N. and Hartl, D. and Kishony, R.}, 
title = {An equivalence principle for the incorporation of favorable mutations in asexual populations.}, 
journal = {Science}, 
year = {2006}, 
volume = {311}, 
number = {5767}, 
pages = {1615-1617}
}

@article{Perfeito_2007_17690297, 
author = {Perfeito, L. and Fernandes, L. and Mota, C. and Gordo, I.}, 
title = {Adaptive mutations in bacteria: high rate and small effects.}, 
journal = {Science}, 
year = {2007}, 
volume = {317}, 
number = {5839}, 
pages = {813-815}
}

@article{Bjedov_2003_12775833, 
author = {Bjedov, I. and Tenaillon, O. and G\'{e}rard, B. and Souza, V. and Denamur, E. and Radman, M. and Taddei, F. and Matic, I.}, 
title = {Stress-induced mutagenesis in bacteria.}, 
journal = {Science}, 
year = {2003}, 
volume = {300}, 
number = {5624}, 
pages = {1404-1409}
}

@article{Imhof_2001_11158603, 
author = {Imhof, M. and Schl{\"o}tterer, C.}, 
title = {Fitness effects of advantageous mutations in evolving \emph{Escherichia coli} populations.}, 
journal = {Proc. Natl. Acad. Sci. USA}, 
year = {2001}, 
volume = {98}, 
number = {3}, 
pages = {1113-1117}
}

@article{Gerrish_1998_9720276, 
author = {Gerrish, P J. and Lenski, R E.}, 
title = {The fate of competing beneficial mutations in an asexual population.}, 
journal = {Genetica}, 
year = {1998}, 
volume = {102-103}, 
number = {1-6}, 
pages = {127-144}
}

@article{Tenaillon_2000_10973474, 
author = {Tenaillon, O. and Le Nagard, H. and Godelle, B. and Taddei, F.}, 
title = {Mutators and sex in bacteria: conflict between adaptive strategies.}, 
journal = {Proc. Natl. Acad. Sci. USA}, 
year = {2000}, 
volume = {97}, 
number = {19}, 
pages = {10465-10470}
}

@article{Redfield_2001_11483988, 
author = {Redfield, R J.}, 
title = {Do bacteria have sex?}, 
journal = {Nat. Rev. Genet.}, 
year = {2001}, 
volume = {2}, 
number = {8}, 
pages = {634-639}
}

@article{Cooper_2007_17713986, 
author = {Cooper, T F.}, 
title = {Recombination speeds adaptation by reducing competition between beneficial mutations in populations of \emph{Escherichia coli}.}, 
journal = {PLoS Biol.}, 
year = {2007}, 
volume = {5}, 
number = {9}, 
pages = {e225}
}

@article{Kondrashov_1993_8409359, 
author = {Kondrashov, A S.}, 
title = {Classification of hypotheses on the advantage of amphimixis.}, 
journal = {J. Hered.}, 
year = {1993}, 
volume = {84}, 
number = {5}, 
pages = {372-387}
}

@article{Omilian_2006_17121990, 
author = {Omilian, A R. and Cristescu, M E. and Dudycha, J L. and Lynch, M.}, 
title = {Ameiotic recombination in asexual lineages of \emph{Daphnia}.}, 
journal = {Proc. Natl. Acad. Sci. USA}, 
year = {2006}, 
volume = {103}, 
number = {49}, 
pages = {18638-18643}
}

@article{Llave_2002_12242443, 
author = {Llave, C. and Xie, Z. and Kasschau, K D. and Carrington, J C.}, 
title = {Cleavage of \emph{Scarecrow}-like m{RNA} targets directed by a class of \emph{Arabidopsis} mi{RNA}.}, 
journal = {Science}, 
year = {2002}, 
volume = {297}, 
number = {5589}, 
pages = {2053-2056}
}

@article{Ruderfer_2006_16892060, 
author = {Ruderfer, D M. and Pratt, S C. and Seidel, H S. and Kruglyak, L.}, 
title = {Population genomic analysis of outcrossing and recombination in yeast.}, 
journal = {Nat. Genet.}, 
year = {2006}, 
volume = {38}, 
number = {9}, 
pages = {1077-1081}
}

@article{Arnheim_2003_12772086, 
author = {Arnheim, N. and Calabrese, P. and Nordborg, M.}, 
title = {Hot and cold spots of recombination in the human genome: the reason we should find them and how this can be achieved.}, 
journal = {Am. J. Hum. Genet.}, 
year = {2003}, 
volume = {73}, 
number = {1}, 
pages = {5-16}
}

@article{Baba_2002_12044378, 
author = {Baba, T. and Takeuchi, F. and Kuroda, M. and Yuzawa, H. and Aoki, K. and Oguchi, A. and Nagai, Y. and Iwama, N. and Asano, K. and Naimi, T. and Kuroda, H. and Cui, L. and Yamamoto, K. and Hiramatsu, K.}, 
title = {Genome and virulence determinants of high virulence community-acquired {MRSA}.}, 
journal = {Lancet}, 
year = {2002}, 
volume = {359}, 
number = {9320}, 
pages = {1819-1827}
}

@article{Treangen_2008_18366792, 
author = {Treangen, T J. and Ambur, O H. and Tonjum, T. and Rocha, E P C.}, 
title = {The impact of the neisserial {DNA} uptake sequences on genome evolution and stability.}, 
journal = {Genome Biol.}, 
year = {2008}, 
volume = {9}, 
number = {3}, 
pages = {R60}
}

@article{Lederberg_1947_17247259, 
author = {Lederberg, J.}, 
title = {Gene Recombination and Linked Segregations in \emph{Escherichia coli}.}, 
journal = {Genetics}, 
year = {1947}, 
volume = {32}, 
number = {5}, 
pages = {505-525}
}

@article{Awadalla_2003_12509753, 
author = {Awadalla, P.}, 
title = {The evolutionary genomics of pathogen recombination.}, 
journal = {Nat. Rev. Genet.}, 
year = {2003}, 
volume = {4}, 
number = {1}, 
pages = {50-60}
}

@article{Takahata_1995_7482371, 
author = {Takahata, N. and Satta, Y. and Klein, J.}, 
title = {Divergence time and population size in the lineage leading to modern humans.}, 
journal = {Theor. Popul. Biol.}, 
year = {1995}, 
volume = {48}, 
number = {2}, 
pages = {198-221}
}

@article{Tajima_1989_2513255, 
author = {Tajima, F.}, 
title = {Statistical method for testing the neutral mutation hypothesis by {DNA} polymorphism.}, 
journal = {Genetics}, 
year = {1989}, 
volume = {123}, 
number = {3}, 
pages = {585-595}
}

@article{Liu_2006_16997954, 
author = {Liu, X. and Gutacker, M M. and Musser, J M. and Fu, Y X.}, 
title = {Evidence for recombination in \emph{Mycobacterium tuberculosis}.}, 
journal = {J. Bacteriol.}, 
year = {2006}, 
volume = {188}, 
number = {23}, 
pages = {8169-8177}
}

@article{Gerton_2000_11027339, 
author = {Gerton, J L. and De{R}isi, J. and Shroff, R. and Lichten, M. and Brown, P O. and Petes, T D.}, 
title = {Global mapping of meiotic recombination hotspots and coldspots in the yeast \emph{Saccharomyces cerevisiae}.}, 
journal = {Proc. Natl. Acad. Sci. USA}, 
year = {2000}, 
volume = {97}, 
number = {21}, 
pages = {11383-11390}
}

@article{Kauppi_2004_15153994, 
author = {Kauppi, L. and Jeffreys, A J. and Keeney, S.}, 
title = {Where the crossovers are: recombination distributions in mammals.}, 
journal = {Nat. Rev. Genet.}, 
year = {2004}, 
volume = {5}, 
number = {6}, 
pages = {413-424}
}

@article{Otto_2002_11967550, 
author = {Otto, S P. and Lenormand, T.}, 
title = {Resolving the paradox of sex and recombination.}, 
journal = {Nat. Rev. Genet.}, 
year = {2002}, 
volume = {3}, 
number = {4}, 
pages = {252-261}
}

@article{Felsenstein_1974_4448362, 
author = {Felsenstein, J.}, 
title = {The evolutionary advantage of recombination.}, 
journal = {Genetics}, 
year = {1974}, 
volume = {78}, 
number = {2}, 
pages = {737-756}
}

@article{Darling_2008_18650965, 
author = {Darling, A E. and Mikl\'{o}s, I. and Ragan, M A.}, 
title = {Dynamics of genome rearrangement in bacterial populations.}, 
journal = {PLoS Genet.}, 
year = {2008}, 
volume = {4}, 
number = {7}, 
pages = {e1000128}
}

@article{Errington_2001_11433368, 
author = {Errington, J. and Bath, J. and Wu, L J.}, 
title = {{DNA} transport in bacteria.}, 
journal = {Nat. Rev. Mol. Cell Biol.}, 
year = {2001}, 
volume = {2}, 
number = {7}, 
pages = {538-545}
}

@article{Welch_2002_12471157, 
author = {Welch, R A. and Burland, V. and Plunkett, Redford and P, Roesch and P, Rasko and D, Buckles and E L, Liou and S R, Boutin and A, Hackett and J, Stroud and D, Mayhew and G F, Rose and D J, Zhou and S, Schwartz and D C, Perna and N T, Mobley and H L, Donnenberg and M S, Blattner and F R.}, 
title = {Extensive mosaic structure revealed by the complete genome sequence of uropathogenic \emph{Escherichia coli}.}, 
journal = {Proc. Natl. Acad. Sci. USA}, 
year = {2002}, 
volume = {99}, 
number = {26}, 
pages = {17020-17024}
}

@article{Rocha_2004_15184548, 
author = {Rocha, E P C.}, 
title = {The replication-related organization of bacterial genomes.}, 
journal = {Microbiology}, 
year = {2004}, 
volume = {150}, 
number = {Pt 6}, 
pages = {1609-1627}
}

@article{Bentley_2004_15568993, 
author = {Bentley, S D. and Parkhill, J.}, 
title = {Comparative genomic structure of prokaryotes.}, 
journal = {Annu. Rev. Genet.}, 
year = {2004}, 
volume = {38}, 
number = {(null)}, 
pages = {771-792}
}

@article{Kuhn_2006_16352833, 
author = {Kuhn, G. and Francioli, P. and Blanc, D S.}, 
title = {Evidence for clonal evolution among highly polymorphic genes in methicillin-resistant \emph{Staphylococcus aureus}.}, 
journal = {J. Bacteriol.}, 
year = {2006}, 
volume = {188}, 
number = {1}, 
pages = {169-178}
}

@article{Sabat_2008_18664262, 
author = {Sabat, A J. and Wladyka, B. and Kosowska-Shick, K. and Grundmann, H. and van Dijl, J M. and Kowal, J. and Appelbaum, P C. and Dubin, A. and Hryniewicz, W.}, 
title = {Polymorphism, genetic exchange and intragenic recombination of the aureolysin gene among \emph{Staphylococcus aureus} strains.}, 
journal = {BMC Microbiol.}, 
year = {2008}, 
volume = {8}, 
number = {1}, 
pages = {129}
}

@article{Holt_2008_18660809, 
author = {Holt, K E. and Parkhill, J. and Mazzoni, C J. and Roumagnac, P. and Weill, F X. and Goodhead, I. and Rance, R. and Baker, S. and Maskell, D J. and Wain, J. and Dolecek, C. and Achtman, M. and Dougan, G.}, 
title = {High-throughput sequencing provides insights into genome variation and evolution in \emph{Salmonella} {Typhi}.}, 
journal = {Nat. Genet.}, 
year = {2008}, 
volume = {40}, 
number = {8}, 
pages = {987-993}
}

@article{Simmons_2008_18651792, 
author = {Simmons, S L. and Dibartolo, G. and Denef, V J. and Goltsman, D S. and Thelen, M P. and Banfield, J F.}, 
title = {Population genomic analysis of strain variation in \emph{Leptospirillum} group {II} bacteria involved in acid mine drainage formation.}, 
journal = {PLoS Biol.}, 
year = {2008}, 
volume = {6}, 
number = {7}, 
pages = {e177}
}

@article{Ochman_2000_10830951, 
author = {Ochman, H. and Lawrence, J.G. and Groisman, E.A.}, 
title = {Lateral gene transfer and the nature of bacterial innovation.}, 
journal = {Nature}, 
year = {2000}, 
volume = {405}, 
number = {6784}, 
pages = {299-304}
}

@article{Achtman_2008_18461076, 
author = {Achtman, M. and Wagner, M.}, 
title = {Microbial diversity and the genetic nature of microbial species.}, 
journal = {Nat. Rev. Microbiol.}, 
year = {2008}, 
volume = {6}, 
number = {6}, 
pages = {431-440}
}

@article{Griffith_1928_58, 
author = {Griffith, F.}, 
title = {The significance of pneumococcal types.}, 
journal = {J. Hyg.}, 
year = {1928}, 
volume = {27}, 
number = {}, 
pages = {113-159}
}

@article{Felsenstein_1989_57, 
author = {Felsenstein, J.}, 
title = {{PHYLIP} - {P}hylogeny Inference Package.}, 
journal = {Cladistics}, 
year = {1989}, 
volume = {5}, 
number = {}, 
pages = {164-166}
}

@article{Hudson_2002_11847089, 
author = {Hudson, R R.}, 
title = {Generating samples under a {W}right-{F}isher neutral model of genetic variation.}, 
journal = {Bioinformatics}, 
year = {2002}, 
volume = {18}, 
number = {2}, 
pages = {337-338}
}

@article{Smith_2003_14657373, 
author = {Smith, N H. and Dale, J. and Inwald, J. and Palmer, S. and Gordon, S V. and Hewinson, R G. and Maynard Smith, J.}, 
title = {The population structure of \emph{Mycobacterium bovis} in {G}reat {B}ritain: clonal expansion.}, 
journal = {Proc. Natl. Acad. Sci. USA}, 
year = {2003}, 
volume = {100}, 
number = {25}, 
pages = {15271-15275}
}

@article{Selander_1980_56, 
author = {Selander, R K. and Levin, B R.}, 
title = {Genetic diversity and structure in \emph{Escherichia coli} populations.}, 
journal = {Science}, 
year = {1980}, 
volume = {210}, 
number = {}, 
pages = {545-547}
}

@article{Rayssiguier_1989_55, 
author = {Rayssiguier, C. and Thaler, D S. and Radman, M.}, 
title = {The barrier to recombination between \emph{Escherichia coli} and \emph{Salmonella typhimurium} is disrupted in mismatch-repair mutants.}, 
journal = {Nature}, 
year = {1989}, 
volume = {342}, 
number = {}, 
pages = {396-401}
}

@article{Spratt_1999_10365396, 
author = {Spratt, B G. and Maiden, M C.}, 
title = {Bacterial population genetics, evolution and epidemiology.}, 
journal = {Philos. Trans. R. Soc. Lond. B. Biol. Sci.}, 
year = {1999}, 
volume = {354}, 
number = {1384}, 
pages = {701-710}
}

@article{Guttman_1997_54, 
author = {Guttman, D S.}, 
title = {Recombination and clonality in natural populations of \emph{Escherichia coli}.}, 
journal = {Trends Ecol. Evol.}, 
year = {1997}, 
volume = {12}, 
number = {}, 
pages = {16-22}
}

@article{Feil_1999_10555280, 
author = {Feil, E J. and Maiden, M C J. and Achtman, M. and Spratt, B G.}, 
title = {The relative contributions of recombination and mutation to the divergence of clones of \emph{Neisseria meningitidis}.}, 
journal = {Mol. Biol. Evol.}, 
year = {1999}, 
volume = {16}, 
number = {11}, 
pages = {1496-1502}
}

@article{Musser_1990_1967495, 
author = {Musser, J M. and Schlievert, P M. and Chow, A W. and Ewan, P. and Kreiswirth, B N. and Rosdahl, V T. and Naidu, A S. and Witte, W. and Selander, R K.}, 
title = {A single clone of \emph{Staphylococcus aureus} causes the majority of cases of toxic shock syndrome.}, 
journal = {Proc. Natl. Acad. Sci. USA}, 
year = {1990}, 
volume = {87}, 
number = {1}, 
pages = {225-229}
}

@article{Musser_1992_53, 
author = {Musser, J M. and Kapur, V.}, 
title = {Clonal analysis of methicillin-resistant \emph{Staphylococcus aureus} strains from intercontinental sources: association of the \emph{mec} gene with divergent phylogenetic lineages implies dissemination by horizontal transfer and recombination.}, 
journal = {J. Clin. Microbiol.}, 
year = {1992}, 
volume = {30}, 
number = {}, 
pages = {2058-2063}
}

@article{Grundmann_2002_12454149, 
author = {Grundmann, H. and Hori, S. and Enright, M C. and Webster, C. and Tami, A. and Feil, E J. and Pitt, T.}, 
title = {Determining the genetic structure of the natural population of \emph{Staphylococcus aureus}: a comparison of multilocus sequence typing with pulsed-field gel electrophoresis, randomly amplified polymorphic {DNA} analysis, and phage typing.}, 
journal = {J. Clin. Microbiol.}, 
year = {2002}, 
volume = {40}, 
number = {12}, 
pages = {4544-4546}
}

@article{Speller_1997_52, 
author = {Speller, D C E. and Johnson, A P. and James, D. and Marples, R R. and Charlett, A. and George, R C.}, 
title = {Resistance to methicillin and other antibiotics in isolates of \emph{Staphylococcus aureus} from blood and cerebrospinal fluid, {England} and {Wales}, 1989-1995.}, 
journal = {Lancet}, 
year = {1997}, 
volume = {250}, 
number = {}, 
pages = {323-325}
}

@article{Grubb_1998_50, 
author = {Grubb, W B.}, 
title = {Genetics of {MRSA}.}, 
journal = {Rev. Med. Microbiol.}, 
year = {1998}, 
volume = {9}, 
number = {}, 
pages = {153-162}
}

@article{Steinberg_1996_49, 
author = {Steinberg, J P. and Clark, C C. and Hackman, B O.}, 
title = {Nosocomial and community-acquired \emph{Staphylococcus aureus} bacteremias from 1980 to 1993: impact of intravascular devices and methicillin resistance.}, 
journal = {Clin. Infect. Dis.}, 
year = {1996}, 
volume = {23}, 
number = {}, 
pages = {255-259}
}

@article{Emori_1993_8269394, 
author = {Emori, T G. and Gaynes, R P.}, 
title = {An overview of nosocomial infections, including the role of the microbiology laboratory.}, 
journal = {Clin. Microbiol. Rev.}, 
year = {1993}, 
volume = {6}, 
number = {4}, 
pages = {428-442}
}

@article{Than_2008_18586704, 
author = {Than, C. and Sugino, R. and Innan, H. and Nakhleh, L.}, 
title = {Efficient inference of bacterial strain trees from genome-scale multilocus data.}, 
journal = {Bioinformatics}, 
year = {2008}, 
volume = {24}, 
number = {13}, 
pages = {i123-131}
}

@article{Baba_2008_17951380, 
author = {Baba, T. and Bae, T. and Schneewind, O. and Takeuchi, F. and Hiramatsu, K.}, 
title = {Genome sequence of \emph{Staphylococcus aureus} strain {Newman} and comparative analysis of staphylococcal genomes: polymorphism and evolution of two major pathogenicity islands.}, 
journal = {J. Bacteriol.}, 
year = {2008}, 
volume = {190}, 
number = {1}, 
pages = {300-310}
}

@article{Innan_2002_12082131, 
author = {Innan, H. and Nordborg, M.}, 
title = {Recombination or mutational hot spots in human mt{DNA}?}, 
journal = {Mol. Biol. Evol.}, 
year = {2002}, 
volume = {19}, 
number = {7}, 
pages = {1122-1127}
}

@article{Hey_1997_9055092, 
author = {Hey, J. and Wakeley, J.}, 
title = {A coalescent estimator of the population recombination rate.}, 
journal = {Genetics}, 
year = {1997}, 
volume = {145}, 
number = {3}, 
pages = {833-846}
}

@article{Boyd_1994_8108402, 
author = {Boyd, E F. and Nelson, K. and Wang, F S. and Whittam, T S. and Selander, R K.}, 
title = {Molecular genetic basis of allelic polymorphism in malate dehydrogenase (\emph{mdh}) in natural populations of \emph{Escherichia coli} and \emph{Salmonella enterica}.}, 
journal = {Proc. Natl. Acad. Sci. USA}, 
year = {1994}, 
volume = {91}, 
number = {4}, 
pages = {1280-1284}
}

@article{Dykhuizen_1991_1938920, 
author = {Dykhuizen, D E. and Green, L.}, 
title = {Recombination in \emph{Escherichia coli} and the definition of biological species.}, 
journal = {J. Bacteriol.}, 
year = {1991}, 
volume = {173}, 
number = {22}, 
pages = {7257-7268}
}

@article{Dykhuizen_1993_8234271, 
author = {Dykhuizen, D E. and Polin, D S. and Dunn, J J. and Wilske, B. and Preac-Mursic, V. and Dattwyler, R J. and Luft, B J.}, 
title = {\emph{Borrelia burgdorferi} is clonal: {Implications} for taxonomy and vaccine development.}, 
journal = {Proc. Natl. Acad. Sci. USA}, 
year = {1993}, 
volume = {90}, 
number = {21}, 
pages = {10163-10167}
}

@article{Milkman_1983_6346486, 
author = {Milkman, R. and Crawford, I P.}, 
title = {Clustered third-base substitutions among wild strains of \emph{Escherichia coli}.}, 
journal = {Science}, 
year = {1983}, 
volume = {221}, 
number = {4608}, 
pages = {378-380}
}

@article{Milkman_1988_3058547, 
author = {Milkman, R. and Stoltzfus, A.}, 
title = {Molecular evolution of the \emph{Escherichia coli} chromosome. {II}. {Clonal} segments.}, 
journal = {Genetics}, 
year = {1988}, 
volume = {120}, 
number = {2}, 
pages = {359-366}
}

@article{Hartl_1984_47, 
author = {Hartl, D L. and Dykhuizen, D E.}, 
title = {The population genetics of \emph{Escherichia coli}.}, 
journal = {Annu. Rev. Genet.}, 
year = {1984}, 
volume = {18}, 
number = {}, 
pages = {31-68}
}

@article{Dykhuizen_1986_46, 
author = {Dykhuizen, D E. and Green, L.}, 
title = {{DNA} sequence variation, {DNA} phylogeny and recombination in \emph{E. coli}.}, 
journal = {Genetics}, 
year = {1986}, 
volume = {113}, 
number = {}, 
pages = {s71}
}

@article{Nei_1986_3444411, 
author = {Nei, M. and Gojobori, T.}, 
title = {Simple methods for estimating the numbers of synonymous and nonsynonymous nucleotide substitutions.}, 
journal = {Mol. Biol. Evol.}, 
year = {1986}, 
volume = {3}, 
number = {5}, 
pages = {418-426}
}

@article{Kim_2007_17676040, 
author = {Kim, S. and Plagnol, V. and Hu, T T. and Toomajian, C. and Clark, R M. and Ossowski, S. and Ecker, J R. and Weigel, D. and Nordborg, M.}, 
title = {Recombination and linkage disequilibrium in \emph{Arabidopsis thaliana}.}, 
journal = {Nat. Genet.}, 
year = {2007}, 
volume = {39}, 
number = {9}, 
pages = {1151-1155}
}

@article{Tamura_2007_17488738, 
author = {Tamura, K. and Dudley, J. and Nei, M. and Kumar, S.}, 
title = {{MEGA}4: {M}olecular {E}volutionary {G}enetics {A}nalysis ({MEGA}) software version 4.0.}, 
journal = {Mol. Biol. Evol.}, 
year = {2007}, 
volume = {24}, 
number = {8}, 
pages = {1596-1599}
}

@article{Hill_1966_37, 
author = {Hill, W G. and Robertson, A.}, 
title = {The effect of linkage on limits to artificial selection.}, 
journal = {Genet. Res.}, 
year = {1966}, 
volume = {8}, 
number = {}, 
pages = {269-294}
}

@article{Charlesworth_1993_8375663, 
author = {Charlesworth, B. and Morgan, M T. and Charlesworth, D.}, 
title = {The effect of deleterious mutations on neutral molecular variation.}, 
journal = {Genetics}, 
year = {1993}, 
volume = {134}, 
number = {4}, 
pages = {1289-1303}
}

@article{Muller_1964_31, 
author = {Muller, H J.}, 
title = {The relation of recombination to mutational advance.}, 
journal = {Mutat. Res.}, 
year = {1964}, 
volume = {1}, 
number = {}, 
pages = {2-9}
}

@article{Paland_2006_16484491, 
author = {Paland, S. and Lynch, M.}, 
title = {Transitions to asexuality result in excess amino acid substitutions.}, 
journal = {Science}, 
year = {2006}, 
volume = {311}, 
number = {5763}, 
pages = {990-992}
}

@article{Barton_1998_9748151, 
author = {Barton, N H. and Charlesworth, B.}, 
title = {Why sex and recombination?}, 
journal = {Science}, 
year = {1998}, 
volume = {281}, 
number = {5385}, 
pages = {1986-1990}
}

@article{Wiuf_2000_10790416, 
author = {Wiuf, C. and Hein, J.}, 
title = {The coalescent with gene conversion.}, 
journal = {Genetics}, 
year = {2000}, 
volume = {155}, 
number = {1}, 
pages = {451-462}
}

@article{Plagnol_2006_16299388, 
author = {Plagnol, V. and Padhukasahasram, B. and Wall, J.D. and Marjoram, P. and Nordborg, M.}, 
title = {Relative influences of crossing over and gene conversion on the pattern of linkage disequilibrium in \emph{Arabidopsis thaliana}.}, 
journal = {Genetics}, 
year = {2006}, 
volume = {172}, 
number = {4}, 
pages = {2441-2448}
}

@article{Hudson_1991_13, 
author = {Hudson, R R.}, 
title = {Gene genealogy and the coalescent process.}, 
journal = {{In: Futoyma D, Antonovics J (eds)}. Evolutionary Biology. {Oxford surveys, Oxford}}, 
year = {1991}, 
volume = {}, 
number = {}, 
pages = {1-44}
}

@article{Saitou_1987_3447015, 
author = {Saitou, N. and Nei, M.}, 
title = {The neighbor-joining method: a new method for reconstructing phylogenetic trees.}, 
journal = {Mol. Biol. Evol.}, 
year = {1987}, 
volume = {4}, 
number = {4}, 
pages = {406-425}
}

@article{Thompson_1994_7984417, 
author = {Thompson, J D. and Higgins, D G. and Gibson, T J.}, 
title = {{CLUSTAL W}: improving the sensitivity of progressive multiple sequence alignment through sequence weighting, position-specific gap penalties and weight matrix choice.}, 
journal = {Nucleic Acids Res.}, 
year = {1994}, 
volume = {22}, 
number = {22}, 
pages = {4673-4680}
}

@article{Altschul_1997_9254694, 
author = {Altschul, S F. and Madden, T L. and Sch\"{a}ffer, A A. and Zhang, J. and Zhang, Z. and Miller, W. and Lipman, D J.}, 
title = {Gapped {BLAST} and {PSI-BLAST}: a new generation of protein database search programs.}, 
journal = {Nucleic Acids Res.}, 
year = {1997}, 
volume = {25}, 
number = {17}, 
pages = {3389-3402}
}

@article{Kojima_1967_4, 
author = {Kojima, K. and Schaffer, H E.}, 
title = {Survival processes of linked mutant genes.}, 
journal = {Evolution}, 
year = {1967}, 
volume = {21}, 
number = {}, 
pages = {518-531}
}

