@Book{Kimura83,
  author = 	 "Motoo Kimura",
  title = 	 "The Neutral Theory of Molecular Evolution",
  publisher = 	 "Cambridge University Press",
  year = 	 1983,
  address =	 "Cambridge"
}

@article{Feil_2000_10747043, 
author = {Feil, E J. and Maynard Smith, J. and Enright, M C. and Spratt, B G.}, 
title = {Estimating recombinational parameters in \emph{Streptococcus pneumoniae} from multilocus sequence typing data.}, 
journal = {Genetics}, 
year = {2000}, 
volume = {154}, 
number = {4}, 
pages = {1439-1450}
}

@article{MaynardSmith_1991_1985260, 
author = {{Maynard Smith}, J. and Dowson, C G. and Spratt, B G.}, 
title = {Localized sex in bacteria.}, 
journal = {Nature}, 
year = {1991}, 
volume = {349}, 
number = {6304}, 
pages = {29-31}
}

@BOOK { Li97:book,
	author = "Li, W.-H.",
	title = "Molecular {E}volution",
	year = 1997,
	address = "Sunderland, MA",
	publisher = "Sinauer"
}

@supp{supporting_material, 
title = {Materials and methods are available as supporting material on \emph{Science} Online}
}

@BOOK { MaynardSmith78:book,
	author = "Maynard Smith, J.",
	title = "The {E}volution of {S}ex",
	year = 1978,
	address = "Cambridge, UK",
	publisher = "Cambridge Univ. Press"
}

@Book{Fisher30:book,
  author = 	 "R. A. Fisher",
  title = 	 "The Genetical Theory of Natural Selection",
  publisher = 	 "Oxford University Press",
  year = 	 1930,
  address =	 "Oxford, UK"
}


@BOOK { Mayr42:book,
	author = "Mayr, E.",
	title = "Systematics and the {O}rigin of {S}pecies.",
	year = 1942,
	address = "New York",
	publisher = "Columbia Univ. Press"
}

@article{Maynard_Smith_1974_5, 
author = {Maynard Smith, J. and Haigh, J.}, 
title = {The hitch-hiking effect of a favorable gene}, 
journal = {Genet. Res.}, 
year = {1974}, 
volume = {23}, 
number = {}, 
pages = {23-35}
}

@article{International_HapMap_Consortium_2007_17943122, 
author = {{International HapMap Consortium} }, 
title = {A second generation human haplotype map of over 3.1 million {SNP}s.}, 
journal = {Nature}, 
year = {2007}, 
volume = {449}, 
number = {}, 
pages = {851-861}
}

@article{Nagaraja_1997_9074925, 
author = {Nagaraja, R. and MacMillan, S. and Kere, J. and Jones, C. and Griffin, S. and Schmatz, M. and Terrell, J. and Shomaker, M. and Jermak, C. and Hott, C. and Masisi, M. and Mumm, S. and Srivastava, A. and Pilia, G. and Featherstone, T. and Mazzarella, R. and Kesterson, S. and McCauley, B. and Railey, B. and Burough, F. and Nowotny, V. and {D\'Urso}, M.M. and States, D. and Brownstein, B. and Schlessinger, D.}, 
title = {{X} chromosome map at 75-kb {STS} resolution, revealing extremes of recombination and {GC} content.}, 
journal = {Genome Res.}, 
year = {1997}, 
volume = {7}, 
number = {3}, 
pages = {210-222}
}

@article{International_HapMap_Consortium_2003_14685227, 
author = {{International HapMap Consortium} }, 
title = {The International {HapMap} Project.}, 
journal = {Nature}, 
year = {2003}, 
volume = {426}, 
number = {6968}, 
pages = {789-796}
}

@INCOLLECTION {Hudson91,
	author = "Hudson, R. R.",
	editor = "D. Futoyma and J. Antonovics",
	title = "Gene genealogy and the coalescent process.",
	booktitle = "{E}volutionary {B}iology",
	year = 1991,
	pages = "1-44",
	address = "Oxford",
	publisher = "Oxford surveys"
}

@BOOK { Nei87:book,
	author = "Nei, M.",
	title = "Molecular {E}volutionary {G}enetics",
	year = 1987,
	address = "New York",
	publisher = "Columbia Univ. Press"
}

@INCOLLECTION {Levin88,
	author = "Levin, B. R.",
	editor = "R. E. Michod and B. R. Levin",
	title = "The {E}volution of {S}ex in {B}acteria.",
	booktitle = "The {E}volution of {S}ex.",
	year = 1988,
	pages = "pp. 194-211",
	address = "Sunderland, {MA}",
	publisher = "Sinauer Associates, Inc."
}

@article{Panlilio_1992_51, 
author = {Panlilio, A L. and Culver, D H. and Gaynes, R P. and Bannerjee, S. and Henderson, T S. and Tolson, J S. and Martone, W J.}, 
title = {Methicillin-resistant \emph{Staphylococcus aureus} in {US} hospitals, 1975-1991.}, 
journal = {Infect. Control. Hosp. Epidemiol.}, 
year = {1992}, 
volume = {13}, 
number = {}, 
pages = {582-586}
}

@BOOK { Mayr42:book,
	author = "Mayr, E.",
	title = "Systematics and the {O}rigin of {S}pecies.",
	year = 1942,
	address = "New York",
	publisher = "Columbia Univ. Press"
}

@INCOLLECTION {Whittan93,
	author = "Whittam, T. S. and Ake, S. E.",
	editor = "N. Takahata and A. G. Clark",
	title = "Genetic polymorphisms and recombination in natural populations of \emph{Escherichia coli}.",
	booktitle = "Mechanisms of {M}olecular {E}volution",
	year = 1993,
	pages = "pp. 223-245",
	address = "Sunderland, Mass",
	publisher = "Sinauer Associates, Inc."
}

@article{Brown_2003_14671318, 
author = {Brown, E. W. and Mammel, M. K. and LeClerc, J. E. and Cebula, T. A.}, 
title = {Limited boundaries for extensive horizontal gene transfer among \emph{Salmonella pathogens}.}, 
journal = {Proc. Natl. Acad. Sci. USA}, 
year = {2003}, 
volume = {100}, 
number = {26}, 
pages = {15676-15681}
}

@article{Didelot_2007_17090663, 
author = {Didelot, X. and Achtman, M. and Parkhill, J. and Thomson, N. R. and Falush, D.}, 
title = {A bimodal pattern of relatedness between the \emph{Salmonella} {Paratyphi A} and {Typhi} genomes: {Convergence} or divergence by homologous recombination?}, 
journal = {Genome Res.}, 
year = {2007}, 
volume = {17}, 
number = {1}, 
pages = {61-68}
}


@article{Diep_2006_16517273, 
author = {Diep, B. A. and Gill, S. R. and Chang, R. F. and Phan, T. H. and Chen, J. H. and Davidson, M. G. and Lin, F. and Lin, J. and Carleton, H. A. and Mongodin, E. F. and Sensabaugh, G. F. and Perdreau-Remington, F.}, 
title = {Complete genome sequence of {USA300}, an epidemic clone of community-acquired meticillin-resistant \emph{Staphylococcus aureus}.}, 
journal = {Lancet}, 
year = {2006}, 
volume = {367}, 
number = {9512}, 
pages = {731-739}
}

@article{Doolittle_1999_10381871, 
author = {Doolittle, W.F.}, 
title = {Phylogenetic classification and the universal tree.}, 
journal = {Science}, 
year = {1999}, 
volume = {284}, 
number = {5423}, 
pages = {2124-2129}
}

@article{Enright_2000_10698988, 
author = {Enright, M. C. and Day, N. P. J. and Davies, C. E. and Peacock, S. J. and Spratt, B. G.}, 
title = {Multilocus sequence typing for characterization of methicillin-resistant and methicillin-susceptible clones of \emph{Staphylococcus aureus}.}, 
journal = {J. Clin. Microbiol.}, 
year = {2000}, 
volume = {38}, 
number = {3}, 
pages = {1008-1015}
}

@article{Feil_2003_12754228, 
author = {Feil, E. J. and Cooper, J. E. and Grundmann, H. and Robinson, D. A. and Enright, M. C. and Berendt, T. and Peacock, S. J. and Maynard Smith, J. and Murphy, M. and Spratt, B. G. and Moore, C. E. and Day, N. P.}, 
title = {How clonal is \emph{Staphylococcus aureus}?}, 
journal = {J. Bacteriol.}, 
year = {2003}, 
volume = {185}, 
number = {11}, 
pages = {3307-3316}
}

@article{Feil_2000_10961460, 
author = {Feil, E.J. and Enright, M.C. and Spratt, B.G.}, 
title = {Estimating the relative contributions of mutation and recombination to clonal diversification: a comparison between Neisseria meningitidis and Streptococcus pneumoniae.}, 
journal = {Res Microbiol}, 
year = {2000}, 
volume = {151}, 
number = {6}, 
pages = {465-469}
}

@article{Fraser_2007_17255503, 
author = {Fraser, C. and Hanage, W. P. and Spratt, B. G.}, 
title = {Recombination and the nature of bacterial speciation.}, 
journal = {Science}, 
year = {2007}, 
volume = {315}, 
number = {5811}, 
pages = {476-480}
}

@article{Gill_2005_15774886, 
author = {Gill, S. R. and Fouts, D. E. and Archer, G. L. and Mongodin, E. F. and Deboy, R. T. and Ravel, J. and Paulsen, I. T. and Kolonay, J. F. and Brinkac, L. and Beanan, M. and Dodson, R. J. and Daugherty, S. C. and Madupu, R. and Angiuoli, S. V. and Durkin, A. S. and Haft, D. H. and Vamathevan, J. and Khouri, H. and Utterback, T. and Lee, C. and Dimitrov, G. and Jiang, L. and Qin, H. and Weidman, J. and Tran, K. and Kang, K. and Hance, I. R. and Nelson, K. E. and Fraser, C. M.}, 
title = {Insights on evolution of virulence and resistance from the complete genome analysis of an early methicillin-resistant \emph{Staphylococcus aureus} strain and a biofilm-producing methicillin-resistant \emph{Staphylococcus epidermidis} strain.}, 
journal = {J. Bacteriol.}, 
year = {2005}, 
volume = {187}, 
number = {7}, 
pages = {2426-2438}
}

@article{Gogarten_2002_12446813, 
author = {Gogarten, J.P. and Doolittle, W.F. and Lawrence, J.G.}, 
title = {Prokaryotic evolution in light of gene transfer.}, 
journal = {Mol Biol Evol}, 
year = {2002}, 
volume = {19}, 
number = {12}, 
pages = {2226-2238}
}

@article{Guttman_1994_7896119, 
author = {Guttman, D.S. and Dykhuizen, D.E.}, 
title = {Detecting selective sweeps in naturally occurring Escherichia coli.}, 
journal = {Genetics}, 
year = {1994}, 
volume = {138}, 
number = {4}, 
pages = {993-1003}
}

@article{Herron-Olson_2007_17971880, 
author = {Herron-Olson, L. and Fitzgerald, J. R. and Musser, J. M. and Kapur, V.}, 
title = {Molecular Correlates of Host Specialization in \emph{Staphylococcus aureus}.}, 
journal = {PLoS ONE}, 
year = {2007}, 
volume = {2}, 
number = {10}, 
pages = {e1120}
}

@article{Hiramatsu_2001_11597450, 
author = {Hiramatsu, K. and Cui, L. and Kuroda, M. and Ito, T.}, 
title = {The emergence and evolution of methicillin-resistant Staphylococcus aureus.}, 
journal = {Trends Microbiol}, 
year = {2001}, 
volume = {9}, 
number = {10}, 
pages = {486-493}
}

@article{Holden_2004_15213324, 
author = {Holden, M. T. G. and Feil, E. J. and Lindsay, J. A. and Peacock, S. J. and Day, N. P. J. and Enright, M. C. and Foster, T. J. and Moore, C. E. and Hurst, L. and Atkin, R. and Barron, A. and Bason, N. and Bentley, S. D. and Chillingworth, C. and Chillingworth, T. and Churcher, C. and Clark, L. and Corton, C. and Cronin, A. and Doggett, J. and Dowd, L. and Feltwell, T. and Hance, Z. and Harris, B. and Hauser, H. and Holroyd, S. and Jagels, K. and James, K. D. and Lennard, N. and Line, A. and Mayes, R. and Moule, S. and Mungall, K. and Ormond, D. and Quail, M. A. and Rabbinowitsch, E. and Rutherford, K. and Sanders, M. and Sharp, S. and Simmonds, M. and Stevens, K. and Whitehead, S. and Barrell, B. G. and Spratt, B. G. and Parkhill, J.}, 
title = {Complete genomes of two clinical \emph{Staphylococcus aureus} strains: evidence for the rapid evolution of virulence and drug resistance.}, 
journal = {Proc. Natl. Acad. Sci. USA}, 
year = {2004}, 
volume = {101}, 
number = {26}, 
pages = {9786-9791}
}

@article{Jolley_2005_15537808, 
author = {Jolley, K.A. and Wilson, D.J. and Kriz, P. and McVean, G. and Maiden, M.C.}, 
title = {The influence of mutation, recombination, population history, and selection on patterns of genetic diversity in Neisseria meningitidis.}, 
journal = {Mol Biol Evol}, 
year = {2005}, 
volume = {22}, 
number = {3}, 
pages = {562-569}
}

@article{Katayama_2000_10817707, 
author = {Katayama, Y. and Ito, T. and Hiramatsu, K.}, 
title = {A new class of genetic element, staphylococcus cassette chromosome \emph{mec}, encodes methicillin resistance in \emph{Staphylococcus aureus}.}, 
journal = {Antimicrob. Agents Chemother.}, 
year = {2000}, 
volume = {44}, 
number = {6}, 
pages = {1549-1555}
}

@article{Katayama_2003_12700250, 
author = {Katayama, Y. and Takeuchi, F. and Ito, T. and Ma, X. X. and Ui-Mizutani, Y. and Kobayashi, I. and Hiramatsu, K.}, 
title = {Identification in methicillin-susceptible Staphylococcus hominis of an active primordial mobile genetic element for the staphylococcal cassette chromosome mec of methicillin-resistant \emph{Staphylococcus aureus}.}, 
journal = {J. Bacteriol.}, 
year = {2003}, 
volume = {185}, 
number = {9}, 
pages = {2711-2722}
}

@article{Kurland_2003_12902542, 
author = {Kurland, C. G. and Canback, B. and Berg, O. G.}, 
title = {Horizontal gene transfer: a critical view.}, 
journal = {Proc. Natl. Acad. Sci. USA}, 
year = {2003}, 
volume = {100}, 
number = {17}, 
pages = {9658-9662}
}

@article{Kuroda_2001_11418146, 
author = {Kuroda, M. and Ohta, T. and Uchiyama, I. and Baba, T. and Yuzawa, H. and Kobayashi, I. and Cui, L. and Oguchi, A. and Aoki, K. and Nagai, Y. and Lian, J. and Ito, T. and Kanamori, M. and Matsumaru, H. and Maruyama, A. and Murakami, H. and Hosoyama, A. and Mizutani-Ui, Y. and Takahashi, N. K. and Sawano, T. and Inoue, R. and Kaito, C. and Sekimizu, K. and Hirakawa, H. and Kuhara, S. and Goto, S. and Yabuzaki, J. and Kanehisa, M. and Yamashita, A. and Oshima, K. and Furuya, K. and Yoshino, C. and Shiba, T. and Hattori, M. and Ogasawara, N. and Hayashi, H. and Hiramatsu, K.}, 
title = {Whole genome sequencing of meticillin-resistant \emph{Staphylococcus aureus}.}, 
journal = {Lancet}, 
year = {2001}, 
volume = {357}, 
number = {9264}, 
pages = {1225-1240}
}

@article{Lawrence_2003_14617137, 
author = {Lawrence, J.G. and Hendrickson, H.}, 
title = {Lateral gene transfer: when will adolescence end?}, 
journal = {Mol Microbiol}, 
year = {2003}, 
volume = {50}, 
number = {3}, 
pages = {739-749}
}

@article{Lawrence_1998_9689094, 
author = {Lawrence, J. G. and Ochman, H.}, 
title = {Molecular archaeology of the Escherichia coli genome.}, 
journal = {Proc. Natl. Acad. Sci. USA}, 
year = {1998}, 
volume = {95}, 
number = {16}, 
pages = {9413-9417}
}

@article{Lawrence_2002_11755071, 
author = {Lawrence, J.G. and Ochman, H.}, 
title = {Reconciling the many faces of lateral gene transfer.}, 
journal = {Trends Microbiol}, 
year = {2002}, 
volume = {10}, 
number = {1}, 
pages = {1-4}
}

@article{Lindsay_2004_15276614, 
author = {Lindsay, J. A. and Holden, M. T. G.}, 
title = {\emph{Staphylococcus aureus}: superbug, super genome?}, 
journal = {Trends Microbiol.}, 
year = {2004}, 
volume = {12}, 
number = {8}, 
pages = {378-385}
}

@article{Ma_2002_11897611, 
author = {Ma, X. X. and Ito, T. and Tiensasitorn, C. and Jamklang, M. and Chongtrakool, P. and Boyle-Vavra, S. and Daum, R. S. and Hiramatsu, K.}, 
title = {Novel type of staphylococcal cassette chromosome \emph{mec} identified in community-acquired methicillin-resistant \emph{Staphylococcus aureus strains}.}, 
journal = {Antimicrob. Agents Chemother.}, 
year = {2002}, 
volume = {46}, 
number = {4}, 
pages = {1147-1152}
}

@article{Maiden_1998_9501229, 
author = {Maiden, M. C. J. and Bygraves, J. A. and Feil, E. and Morelli, G. and Russell, J. E. and Urwin, R. and Zhang, Q. and Zhou, J. and Zurth, K. and Caugant, D. A. and Feavers, I. M. and Achtman, M. and Spratt, B. G.}, 
title = {Multilocus sequence typing: {A} portable approach to the identification of clones within populations of pathogenic microorganisms.}, 
journal = {Proc. Natl. Acad. Sci. USA}, 
year = {1998}, 
volume = {95}, 
number = {6}, 
pages = {3140-3145}
}

@article{Majewski_1999_10581263, 
author = {Majewski, J. and Cohan, F. M.}, 
title = {{DNA} sequence similarity requirements for interspecific recombination in {Bacillus}.}, 
journal = {Genetics}, 
year = {1999}, 
volume = {153}, 
number = {4}, 
pages = {1525-1533}
}

@article{Milkman_1990_1979037, 
author = {Milkman, R. and Bridges, M. M.}, 
title = {Molecular evolution of the \emph{Escherichia coli} chromosome. {III}. {Clonal} frames.}, 
journal = {Genetics}, 
year = {1990}, 
volume = {126}, 
number = {3}, 
pages = {505-517}
}

@article{Mwangi_2007_17517606, 
author = {Mwangi, M. M. and Wu, S. W. and Zhou, Y. and Sieradzki, K. and de Lencastre, H. and Richardson, P. and Bruce, D. and Rubin, E. and Myers, E. and Siggia, E. D. and Tomasz, A.}, 
title = {Tracking the in vivo evolution of multidrug resistance in \emph{Staphylococcus aureus} by whole-genome sequencing.}, 
journal = {Proc. Natl. Acad. Sci. USA}, 
year = {2007}, 
volume = {104}, 
number = {22}, 
pages = {9451-9456}
}

@article{Nelson_2004_15115801, 
author = {Nelson, K. E. and Fouts, D. E. and Mongodin, E. F. and Ravel, J. and DeBoy, R. T. and Kolonay, J. F. and Rasko, D. A. and Angiuoli, S. V. and Gill, S. R. and Paulsen, I. T. and Peterson, J. and White, O. and Nelson, W. C. and Nierman, W. and Beanan, M. J. and Brinkac, L. M. and Daugherty, S. C. and Dodson, R. J. and Durkin, A. S. and Madupu, R. and Haft, D. H. and Selengut, J. and Van Aken, S. and Khouri, H. and Fedorova, N. and Forberger, H. and Tran, B. and Kathariou, S. and Wonderling, L. D. and Uhlich, G. A. and Bayles, D. O. and Luchansky, J. B. and Fraser, C. M.}, 
title = {Whole genome comparisons of serotype 4b and 1/2a strains of the food-borne pathogen \emph{Listeria monocytogenes} reveal new insights into the core genome components of this species.}, 
journal = {Nucleic Acids Res.}, 
year = {2004}, 
volume = {32}, 
number = {8}, 
pages = {2386-2395}
}

@article{Padhukasahasram_2004_15250027, 
author = {Padhukasahasram, B. and Marjoram, P. and Nordborg, M.}, 
title = {Estimating the rate of gene conversion on human chromosome 21.}, 
journal = {Am. J. Hum. Genet.}, 
year = {2004}, 
volume = {75}, 
number = {3}, 
pages = {386-397}
}

@article{Sheppard_2008_18403712, 
author = {Sheppard, S. K. and McCarthy, N. D. and Falush, D. and Maiden, M. C.}, 
title = {Convergence of \emph{Campylobacter} species: {Implications} for bacterial evolution.}, 
journal = {Science}, 
year = {2008}, 
volume = {320}, 
number = {5873}, 
pages = {237-239}
}

@article{Smith_2005_16145135, 
author = {Smith, E. M. and Green, L. E. and Medley, G. F. and Bird, H. E. and Fox, L. K. and Schukken, Y. H. and Kruze, J. V. and Bradley, A. J. and Zadoks, R. N. and Dowson, C. G.}, 
title = {Multilocus sequence typing of intercontinental bovine \emph{Staphylococcus aureus} isolates.}, 
journal = {J. Clin. Microbiol.}, 
year = {2005}, 
volume = {43}, 
number = {9}, 
pages = {4737-4743}
}

@article{Smith_1993_8506277, 
author = {Maynard Smith, J. and Smith, N. H. and O'Rourke, M. and Spratt, B. G.}, 
title = {How clonal are bacteria?}, 
journal = {Proc. Natl. Acad. Sci. USA}, 
year = {1993}, 
volume = {90}, 
number = {10}, 
pages = {4384-4388}
}

@article{Stoltzfus_1988_3058546, 
author = {Stoltzfus, A. and Leslie, J. F. and Milkman, R.}, 
title = {Molecular evolution of the \emph{Escherichia coli} chromosome. {I}. {Analysis} of structure and natural variation in a previously uncharacterized region between \emph{trp} and \emph{tonB}.}, 
journal = {Genetics}, 
year = {1988}, 
volume = {120}, 
number = {2}, 
pages = {345-358}
}

@article{Suerbaum_2001_11274115, 
author = {Suerbaum, S. and Lohrengel, M. and Sonnevend, A. and Ruberg, F. and Kist, M.}, 
title = {Allelic diversity and recombination in \emph{Campylobacter jejuni}.}, 
journal = {J. Bacteriol.}, 
year = {2001}, 
volume = {183}, 
number = {8}, 
pages = {2553-2559}
}

@article{Suerbaum_1998_9770535, 
author = {Suerbaum, S. and Maynard Smith, J. and Bapumia, K. and Morelli, G. and Smith, N. H. and Kunstmann, E. and Dyrek, I. and Achtman, M.}, 
title = {Free recombination within \emph{Helicobacter pylori}.}, 
journal = {Proc. Natl. Acad. Sci. USA}, 
year = {1998}, 
volume = {95}, 
number = {21}, 
pages = {12619-12624}
}

@article{Takeuchi_2005_16237012, 
author = {Takeuchi, F. and Watanabe, S. and Baba, T. and Yuzawa, H. and Ito, T. and Morimoto, Y. and Kuroda, M. and Cui, L. and Takahashi, M. and Ankai, A. and Baba, S. and Fukui, S. and Lee, J. C. and Hiramatsu, K.}, 
title = {Whole-genome sequencing of staphylococcus haemolyticus uncovers the extreme plasticity of its genome and the evolution of human-colonizing staphylococcal species.}, 
journal = {J. Bacteriol.}, 
year = {2005}, 
volume = {187}, 
number = {21}, 
pages = {7292-7308}
}

@article{Tsuru_2006_16601000, 
author = {Tsuru, T. and Kawai, M. and Mizutani-Ui, Y. and Uchiyama, I. and Kobayashi, I.}, 
title = {Evolution of paralogous genes: {Reconstruction} of genome rearrangements through comparison of multiple genomes within \emph{Staphylococcus aureus}.}, 
journal = {Mol. Biol. Evol.}, 
year = {2006}, 
volume = {23}, 
number = {6}, 
pages = {1269-1285}
}

@article{Orskov_1983, 
author = {{\O}rskov, F. and {\O}rskov, I.}, 
title = {From the national institutes of health. Summary of a workshop on the clone concept in the epidemiology, taxonomy, and evolution of the enterobacteriaceae and other bacteria.}, 
journal = {J. Infect. Dis.}, 
year = {1983}, 
volume = {148}, 
number = {}, 
pages = {346-357}
}

@article{Rozen_CB_2002, 
author = {Rozen, D E. and {de Visser}, J A G M. and Gerrish, P J.}, 
title = {Fitness Effects of Fixed Beneficial Mutations in Microbial Populations.}, 
journal = {Curr. Biol.}, 
year = {2002}, 
volume = {12}, 
number = {}, 
pages = {1040-1045}
}

